@online{suckerpinch,
    title = {Generalized kerning is undecidable! But anagraphing is possible.},
    author = {suckerpinch},
    date = {dec, 2017},
    organization = {YouTube},
    url = {https://www.youtube.com/watch?v=8\_npHZbe3qM}
}

@phdthesis{tubella,
    author = {Jordi Tubella and Antonio Gonz√°lez},
    school = {Universitat Politechnica de Catalunya},
    title = {A Partial Breadth-First Execution Model for Prolog},
    year = {1994}
}

@misc{yallop,
    author = {Jeremy Yallop and Leo White},
    howpublished = {University of Cambridge},
    title = {Lightweight higher-kinded polymorphism}
}